<?xml version="1.0" encoding="UTF-8"?><collection xmlns="http://www.loc.gov/MARC21/slim"><record><leader>00375nam--2200121-i-4500</leader><controlfield tag="001">000048044</controlfield><controlfield tag="002">20161230</controlfield><controlfield tag="005">20161230201046</controlfield><controlfield tag="008">060222s1000------------r-----000-0-eng-d</controlfield><datafield ind1=" " ind2=" " tag="100"><subfield code="a">Zimmerman, O.T. And Irvin Lavine</subfield></datafield><datafield ind1=" " ind2=" " tag="245"><subfield code="a">Scientific and technical abbreviations, signs and symbols. 2-nd edition</subfield></datafield><datafield ind1=" " ind2=" " tag="260"><subfield code="a">Dover, Ind. Res. Service, 1949, Xiv + 541p. Cu Fig</subfield></datafield><datafield ind1=" " ind2=" " tag="852"><subfield code="a">12097</subfield></datafield></record></collection>